<record><leader>00000cas a2200000 a 4500</leader><controlfield tag="001">35671787</controlfield><controlfield tag="007">hd afb---baca</controlfield><controlfield tag="007">hd bfb---baaa</controlfield><controlfield tag="007">hd afb---baba</controlfield><controlfield tag="008">961002u19uuuuuucauwr n a     0    0eng d</controlfield><datafield ind1=" " ind2=" " tag="010"><subfield code="a">sn 96017244 </subfield></datafield><datafield ind1=" " ind2=" " tag="040"><subfield code="a">CLU</subfield><subfield code="b">eng</subfield><subfield code="c">CLU</subfield><subfield code="d">OCLCQ</subfield></datafield><datafield ind1=" " ind2=" " tag="012"><subfield code="i">9610</subfield></datafield><datafield ind1=" " ind2=" " tag="042"><subfield code="a">msc</subfield></datafield><datafield ind1=" " ind2=" " tag="043"><subfield code="a">n-us-ca</subfield></datafield><datafield ind1="0" ind2="0" tag="245"><subfield code="a">Beverly Hills bulletin.</subfield></datafield><datafield ind1=" " ind2=" " tag="260"><subfield code="a">Beverly Hills, Calif. :</subfield><subfield code="b">Beverly Hills Bulletin</subfield></datafield><datafield ind1=" " ind2=" " tag="300"><subfield code="a">volumes :</subfield><subfield code="b">illustrations</subfield></datafield><datafield ind1=" " ind2=" " tag="310"><subfield code="a">Weekly</subfield></datafield><datafield ind1=" " ind2=" " tag="336"><subfield code="a">text</subfield><subfield code="b">txt</subfield><subfield code="2">rdacontent</subfield></datafield><datafield ind1=" " ind2=" " tag="337"><subfield code="a">microform</subfield><subfield code="b">h</subfield><subfield code="2">rdamedia</subfield></datafield><datafield ind1=" " ind2=" " tag="338"><subfield code="a">microfilm reel</subfield><subfield code="b">hd</subfield><subfield code="2">rdacarrier</subfield></datafield><datafield ind1=" " ind2=" " tag="500"><subfield code="a">Microfilm master negative held by UCLA (CLU).</subfield></datafield><datafield ind1=" " ind2=" " tag="588"><subfield code="a">Description based on: Vol. 21, no. 16 (Nov. 1, 1945); title from caption.</subfield></datafield><datafield ind1=" " ind2=" " tag="588"><subfield code="a">Latest issue consulted: Vol. 52, no. 22 (June 3, 1971).</subfield></datafield><datafield ind1=" " ind2=" " tag="533"><subfield code="a">Microfilm.</subfield><subfield code="m">Nov. 1, 1945-June 3, 1971)</subfield><subfield code="b">Los Angeles, CA :</subfield><subfield code="c">University of California, Reprographic Service,</subfield><subfield code="d">1990.</subfield><subfield code="e">microfilm reels ; 35 mm.</subfield></datafield><datafield ind1=" " ind2=" " tag="539"><subfield code="a">u</subfield><subfield code="b">1945</subfield><subfield code="c">1971</subfield><subfield code="d">cau</subfield><subfield code="e">u</subfield><subfield code="f">u</subfield><subfield code="g">a</subfield></datafield><datafield ind1=" " ind2=" " tag="752"><subfield code="a">United States</subfield><subfield code="b">California</subfield><subfield code="c">Los Angeles County</subfield><subfield code="d">Beverly Hills.</subfield></datafield><datafield ind1=" " ind2=" " tag="850"><subfield code="a">CLU</subfield><subfield code="a">CLU (Master)</subfield></datafield><datafield ind1="1" ind2=" " tag="029"><subfield code="a">AU@</subfield><subfield code="b">000025889202</subfield></datafield></record>